@article{shu1999finite,
  title={Finite elements for materials with strain gradient effects},
  author={Shu, John Y and King, Wayne E and Fleck, Norman A},
  journal={International Journal for Numerical Methods in Engineering},
  volume={44},
  number={3},
  pages={373--391},
  year={1999},
  publisher={Wiley Online Library}
}

@article{askes2011gradient,
	title={Gradient elasticity in statics and dynamics: an overview of formulations, length scale identification procedures, finite element implementations and new results},
	author={Askes, Harm and Aifantis, Elias C},
	journal={International Journal of Solids and Structures},
	volume={48},
	number={13},
	pages={1962--1990},
	year={2011},
	publisher={Elsevier}
}


@article{amanatidou2002mixed,
	title={Mixed finite element formulations of strain-gradient elasticity problems},
	author={Amanatidou, E and Aravas, N},
	journal={Computer Methods in Applied Mechanics and Engineering},
	volume={191},
	number={15-16},
	pages={1723--1751},
	year={2002},
	publisher={Elsevier}
}

@article{zybell2012three,
	title={A three-dimensional finite element for gradient elasticity based on a mixed-type formulation},
	author={Zybell, L and M{\"u}hlich, U and Kuna, M and Zhang, ZL},
	journal={Computational materials science},
	volume={52},
	number={1},
	pages={268--273},
	year={2012},
	publisher={Elsevier}
}

@article{lesivcar2017two,
	title={Two-scale computational approach using strain gradient theory at microlevel},
	author={Lesi{\v{c}}ar, Tomislav and Tonkovi{\'c}, Zdenko and Sori{\'c}, Jurica},
	journal={International Journal of Mechanical Sciences},
	volume={126},
	pages={67--78},
	year={2017},
	publisher={Elsevier}
}

@article{putar2017damage,
	title={Damage modeling employing strain gradient continuum theory},
	author={Putar, Filip and Sori{\'c}, Jurica and Lesi{\v{c}}ar, Tomislav and Tonkovi{\'c}, Zdenko},
	journal={International Journal of Solids and Structures},
	volume={120},
	pages={171--185},
	year={2017},
	publisher={Elsevier}
}

@article{askes2008finite,
	title={Finite element analysis with staggered gradient elasticity},
	author={Askes, Harm and Morata, Irene and Aifantis, Elias C},
	journal={Computers \& structures},
	volume={86},
	number={11-12},
	pages={1266--1279},
	year={2008},
	publisher={Elsevier}
}

@article{mindlin1968first,
	title={On first strain-gradient theories in linear elasticity},
	author={Mindlin, Raymond David and Eshel, NN},
	journal={International Journal of Solids and Structures},
	volume={4},
	number={1},
	pages={109--124},
	year={1968},
	publisher={Elsevier}
}
